<record><leader>00000cas a22000007a 4500</leader><controlfield tag="001">24299223</controlfield><controlfield tag="008">910827d19761977nyuwr ne      0    0eng d</controlfield><datafield ind1=" " ind2=" " tag="010"><subfield code="a">sn 91066920 </subfield></datafield><datafield ind1=" " ind2=" " tag="040"><subfield code="a">NYS</subfield><subfield code="b">eng</subfield><subfield code="c">NYS</subfield><subfield code="d">OCLCQ</subfield></datafield><datafield ind1=" " ind2=" " tag="042"><subfield code="a">msc</subfield></datafield><datafield ind1="0" ind2="0" tag="245"><subfield code="a">Monroe-Woodbury advertiser photo news.</subfield></datafield><datafield ind1="1" ind2="7" tag="246"><subfield code="a">Advertiser photo news</subfield></datafield><datafield ind1=" " ind2=" " tag="260"><subfield code="a">Monroe, N.Y. :</subfield><subfield code="b">Northwood Communications Corp.,</subfield><subfield code="c">1976-1977.</subfield></datafield><datafield ind1=" " ind2=" " tag="300"><subfield code="a">2 v. :</subfield><subfield code="b">ill.</subfield></datafield><datafield ind1=" " ind2=" " tag="310"><subfield code="a">Weekly</subfield></datafield><datafield ind1="0" ind2=" " tag="362"><subfield code="a">Vol. 9, no. 461 (Feb. 25, 1976)-v. 10, no. 528 (June 8, 1977).</subfield></datafield><datafield ind1=" " ind2=" " tag="500"><subfield code="a">Published on Wednesday.</subfield></datafield><datafield ind1=" " ind2="4" tag="651"><subfield code="a">Monroe (N.Y.)</subfield><subfield code="v">Newspapers.</subfield></datafield><datafield ind1=" " ind2="4" tag="651"><subfield code="a">Woodbury (N.Y.)</subfield><subfield code="v">Newspapers.</subfield></datafield><datafield ind1=" " ind2=" " tag="752"><subfield code="a">United States</subfield><subfield code="b">New York</subfield><subfield code="c">Orange</subfield><subfield code="d">Monroe.</subfield></datafield><datafield ind1=" " ind2=" " tag="752"><subfield code="a">United States</subfield><subfield code="b">New York</subfield><subfield code="c">Orange</subfield><subfield code="d">Woodbury.</subfield></datafield><datafield ind1="0" ind2=" " tag="775"><subfield code="t">Warwick advertiser photo news</subfield><subfield code="w">(DLC)sn 88075809</subfield><subfield code="w">(OCoLC)18549989</subfield></datafield><datafield ind1="0" ind2="0" tag="780"><subfield code="t">Monroe-Woodbury-Chester advertiser photo news</subfield><subfield code="w">(DLC)sn 91066919</subfield><subfield code="w">(OCoLC)24298991</subfield></datafield><datafield ind1="0" ind2="0" tag="785"><subfield code="t">Monroe-Woodbury photo news</subfield><subfield code="w">(DLC)sn 91066921</subfield><subfield code="w">(OCoLC)24299331</subfield></datafield><datafield ind1="1" ind2=" " tag="029"><subfield code="a">AU@</subfield><subfield code="b">000020690074</subfield></datafield></record>